<?xml version="1.0" encoding="UTF-8"?>
<record xmlns="http://www.loc.gov/MARC21/slim">
   <leader>01114cam a2200265 a 4500</leader>
   <controlfield tag="001">797924</controlfield>
   <controlfield tag="003">NjP</controlfield>
   <controlfield tag="005">20170929120850.0</controlfield>
   <controlfield tag="008">930329s1990    ir a     s    000|0 ara d</controlfield>
   <datafield tag="024" ind1="7" ind2=" ">
      <subfield code="a">princeton_aco003965</subfield>
      <subfield code="2">local</subfield>
   </datafield>
   <datafield ind1=" " ind2=" " tag="035">
      <subfield code="a">(OCoLC)27883715</subfield>
   </datafield>
   <datafield ind1=" " ind2=" " tag="035">
      <subfield code="a">(CStRLIN)NJPG93-B17781</subfield>
   </datafield>
   <datafield ind1=" " ind2=" " tag="035">
      <subfield code="9">ADW4415TS</subfield>
   </datafield>
   <datafield ind1=" " ind2=" " tag="035">
      <subfield code="a">797924</subfield>
   </datafield>
   <datafield ind1=" " ind2=" " tag="040">
      <subfield code="a">NjP</subfield>
      <subfield code="c">NjP</subfield>
   </datafield>
   <datafield ind1="1" ind2=" " tag="041">
      <subfield code="a">ara</subfield>
      <subfield code="h">per</subfield>
   </datafield>
   <datafield ind1=" " ind2=" " tag="043">
      <subfield code="a">a-ir---</subfield>
   </datafield>
   <datafield ind1="0" ind2=" " tag="130">
      <subfield code="a">Guzārish-i vaz̤ʻīyat-i ijtimāʻī-i zanān qabl va baʻd az pīrūzī-i Inqilāb-i Islāmī-i Īrān.</subfield>
      <subfield code="l">Arabic</subfield>
   </datafield>
   <datafield ind1="1" ind2="0" tag="245">
      <subfield code="a">Taqrīr waḍʻ al-marʾah qabla wa-baʻda najāḥ al-thawrah al-Islāmīyah fī Īrān /</subfield>
      <subfield code="c">iʻdād wa-tanẓīm Qism Taḥqīqāt Umūr al-Nisāʾ.</subfield>
   </datafield>
   <datafield ind1=" " ind2=" " tag="250">
      <subfield code="a">al-Ṭabʻah 1.</subfield>
   </datafield>
   <datafield ind1=" " ind2=" " tag="260">
      <subfield code="a">Tihrān :</subfield>
      <subfield code="b">Muʾassasat al-Buḥūth wa-al-Taḥqīqāt al-Thaqāfīyah,</subfield>
      <subfield code="c">1990.</subfield>
   </datafield>
   <datafield ind1=" " ind2=" " tag="300">
      <subfield code="a">32 p. :</subfield>
      <subfield code="b">ill. ;</subfield>
      <subfield code="c">29 cm.</subfield>
   </datafield>
   <datafield ind1=" " ind2="0" tag="650">
      <subfield code="a">Women</subfield>
      <subfield code="z">Iran</subfield>
      <subfield code="x">Social conditions.</subfield>
      <subfield code="0">http://id.loc.gov/authorities/subjects/sh2008113704</subfield>
   </datafield>
   <datafield ind1="2" ind2=" " tag="710">
      <subfield code="a">Gurūh-i Barʹrasī-i Masāʾil-i Zanān (Iran).</subfield>
   </datafield>
   <datafield ind1=" " ind2=" " tag="911">
      <subfield code="a">19930408</subfield>
   </datafield>
   <datafield ind1=" " ind2=" " tag="912">
      <subfield code="a">19930329000000.0</subfield>
   </datafield>
   <datafield ind1=" " ind2=" " tag="998">
      <subfield code="a">03/29/93</subfield>
      <subfield code="s">9114</subfield>
      <subfield code="n">NjP</subfield>
      <subfield code="d">03/29/93</subfield>
      <subfield code="c">JEB</subfield>
      <subfield code="b">JEB</subfield>
      <subfield code="i">930329</subfield>
      <subfield code="l">NJPG</subfield>
   </datafield>
   <datafield ind1="0" ind2="0" tag="852">
      <subfield code="0">903220</subfield>
      <subfield code="b">rcppa</subfield>
      <subfield code="t">1</subfield>
      <subfield code="h">HQ1735.2</subfield>
      <subfield code="i">.G892125 1990</subfield>
      <subfield code="x">tr fr anxafst</subfield>
   </datafield>
   <datafield ind1=" " ind2=" " tag="959">
      <subfield code="a">2000-06-13 00:00:00 -0400</subfield>
   </datafield>
</record>
